
@book{mccabe_unit_2005,
	location = {Boston},
	edition = {7th ed},
	title = {Unit Operations of Chemical Engineering},
	isbn = {9780072848236},
	series = {{McGraw}-Hill chemical engineering series},
	pagetotal = {1140},
	publisher = {{McGraw}-Hill},
	author = {{McCabe}, Warren L. and Smith, Julian C. and Harriott, Peter},
	date = {2005},
	keywords = {Chemical processes},
}

@online{standing_committee_of_the_national_peoples_congress_water_nodate,
	title = {Water Pollution Prevention and Control Law of the People's Republic of China (2008 Revision)},
	url = {http://www.lawinfochina.com/display.aspx?id=6722&lib=law#menu0},
	author = {{Standing Committee of the National People's Congress}},
	urldate = {2021-02-07},
}

@online{govuk_uk_nodate,
	title = {{UK} {REACH}: What is {UK} {REACH}?},
	url = {https://www.hse.gov.uk/reach/whatisreach.htm},
	author = {{GOV.uk}},
	urldate = {2021-02-07},
}

@online{govuk_waste_nodate,
	title = {Waste water treatment works: treatment monitoring and compliance limits},
	url = {https://www.gov.uk/government/publications/waste-water-treatment-works-treatment-monitoring-and-compliance-limits/waste-water-treatment-works-treatment-monitoring-and-compliance-limits},
	shorttitle = {Waste water treatment works},
	author = {{GOV.uk}},
	urldate = {2021-02-05},
	langid = {english},
}

@online{govuk_what_nodate,
	title = {What is {COSHH}? - {COSHH}},
	url = {https://www.hse.gov.uk/coshh/basics/whatiscoshh.htm},
	abstract = {{COSHH} is the law that requires employers to control substances that are hazardous to health.},
	author = {{GOV.uk}},
	urldate = {2021-02-07},
}