
@online{china_petroleum__and_chemical_industry_federation_china_2020,
	title = {China {CN}: Market Price: Monthly Avg: Organic Chemical Material: Formic acid 94\%},
	url = {https://www.ceicdata.com/en/china/china-petroleum--chemical-industry-association-petrochemical-price-organic-chemical-material/cn-market-price-monthly-avg-organic-chemical-material-formic-acid-94#:~:text=China's%20CN%3A%20Market%20Price%3A%20Monthly,RMB%2FTon%20for%20Mar%202020.},
	titleaddon = {{CEIC} Data},
	author = {China Petroleum  \{And\} Chemical Industry Federation},
	urldate = {2021-02-02},
	date = {2020},
}